2452 4206
347 1031 745 1130 PRAEFATIO.

463 1285 637 1319 -o—

70 1478 240 1542 Coronam
254 1473 442 1539 Maronem
454 1473 616 1541 Cioeronis
627 1475 751 1560 paranti
765 1475 844 1541 mihi
858 1499 1019 1545 recensere

23 1623 24 1688 l
69 1584 273 1650 commodum
288 1603 356 1644 non
371 1591 439 1644 erat
449 1579 633 1646 thesaurum
644 1571 736 1646 illum
747 1583 920 1665 literarum,
934 1588 1020 1654 unde

68 1691 131 1756 aliis
145 1692 180 1756 in
193 1689 290 1756 libris
303 1711 381 1774 opes
396 1710 480 1753 meas
495 1688 617 1754 eritioaa
633 1690 807 1771 hauseram,
824 1693 919 1760 adire.
951 1695 987 1760 N
987 1718 1021 1761 e-

71 1821 128 1881 que
151 1821 205 1864 res
230 1805 403 1880 tantopere
427 1795 587 1880 postulare
604 1796 781 1864 videbatur.
827 1801 955 1889 Quippe
979 1827 1020 1868 ex

71 1905 240 1970 Oodieibus
253 1901 481 1980 Ciceronianis,
492 1902 548 1987 qui
556 1925 613 1988 per
621 1902 679 1969 hos
690 1906 812 1991 aliquot
820 1931 918 1974 annos
930 1911 1014 1974 Lon·

72 2010 291 2078 diniivenales
313 2008 392 2073 faeti
414 2019 498 2087 sunt,
520 2011 613 2096 pauei
635 2012 764 2097 quidam
789 2015 917 2101 (studiis
939 2018 1018 2083 meis

74 2119 171 2185 amieo
180 2142 253 2184 meo
264 2117 308 2184 G.
320 2115 477 2203 Burgesio
487 2116 630 2205 favente)
648 2119 743 2184 etiam
755 2121 856 2185 adme
867 2145 1021 2213 pervene-

74 2237 164 2304 runt;
185 2228 221 2294 in
238 2227 290 2291 his
311 2225 377 2289 duo
397 2228 532 2293 Catonis.
577 2226 661 2292 Tam
679 2228 774 2292 multi
789 2239 896 2294 autem
911 2230 942 2294 in
958 2231 1020 2299 hoe

74 2334 175 2403 libello
191 2334 333 2404 Codiee's
347 2332 415 2418 jam
433 2343 543 2398 sunta
566 2332 650 2400 VV.
667 2333 745 2398 DD.
760 2335 877 2416 eollati,
894 2349 932 2404 ut
954 2363 1018 2407 non

75 2464 263 2532 magnopere
276 2439 507 2528 poenitendum
522 2439 564 2504 sit
578 2441 685 2526 plures
699 2463 764 2506 non
779 2445 963 2512 contulisse.

113 2593 269 2662 Ceterum
280 2587 499 2655 noloCodioes
509 2610 596 2653 meos
606 2586 753 2652 laudibus
763 2589 927 2657 extollere:
944 2604 1020 2659 sunt

76 2721 129 2765 nee
142 2699 290 2766 meliores
305 2694 408 2760 multo
422 2716 480 2759 neo
498 2693 600 2760 multo
615 2692 796 2773 deteriores,
813 2720 909 2782 quarn
924 2701 1019 2767 turba

22 2861 23 2864 η
76 2807 215 2874 codicum
230 2827 301 2872 esse
316 2804 407 2869 solet.
453 2801 526 2867 Etsi
540 2803 638 2869 semel
652 2802 781 2887 quidem
798 2808 866 2892 (17.
883 2809 940 2891 60)
955 2810 1019 2876 100.

75 2913 190 2981 tionem
201 2913 300 3001 paulo
310 2909 529 2976 notabiliorem
540 2931 581 2974 ex
591 2919 728 2995 utroque
738 2913 852 3000 recepi,
863 2917 1016 2996 nondum,

75 3024 158 3106 quod
172 3022 282 3098 seiam,
295 3042 336 3084 ex
350 3017 416 3082 ullo
430 3016 558 3080 allatam
574 3020 671 3099 (unus
683 3017 745 3085 Ox.
760 3019 915 3106 respioere
930 3021 1017 3089 vide·

75 3131 152 3215 tur),
164 3128 223 3194 ubi
234 3125 378 3212 vulgata,
392 3123 512 3190 nemini
526 3123 630 3190 adhue
641 3137 797 3212 suspecta,
810 3128 888 3192 mihi
902 3153 943 3195 ne
953 3131 1017 3198 La-

74 3239 138 3304 tina
153 3237 288 3326 quidem
307 3257 374 3300 esse
389 3233 524 3299 videtur.
572 3233 636 3301 Sed
658 3235 732 3301 nolo
755 3235 915 3301 eodieibus
937 3240 1016 3306 meis

73 3343 197 3412 laudem
212 3344 352 3428 aliquam
367 3343 558 3431 singularem
572 3365 727 3429 arrogare,
740 3365 799 3408 nee
810 3343 922 3410 dubito
937 3347 1016 3433 quin

22 3465 24 3518 ἓ
74 3452 182 3517 eadem
195 3448 294 3516 lectio
309 3448 429 3514 ineuria
442 3451 628 3517 collatorum
643 3448 757 3515 omissa
775 3449 885 3516 multis
903 3451 936 3516 in
951 3453 1015 3522 Co-

22 3601 23 3644 4
75 3559 195 3628 dioibus
206 3560 345 3624 haereat.
378 3561 485 3637 Prior,
499 3560 565 3626 soil.
578 3580 674 3645 quem
685 3557 884 3636 membranis,
898 3561 1014 3644 quibus

76 3672 209 3742 constat,
224 3661 288 3728 hoo
301 3661 384 3742 dedi,
401 3662 488 3750 prius
502 3674 540 3729 ut
554 3660 779 3728 eonferendum
793 3671 949 3748 putarem,
966 3690 1015 3733 ra-

522 3770 540 3836 b
