2452 4200
160 291 202 352 68

158 457 364 506 nominativorum
375 471 439 514 nene,
451 461 482 508 30
493 473 515 506 a.

159 523 267 584 Denique
280 523 363 586 (mu),
376 527 408 572 50
417 539 439 572 0.

159 589 297 648 Detrahere,
307 592 337 636 36
349 590 371 636 0.

157 654 238 712 Deam,
257 655 288 700 33
305 669 332 712 0,
349 660 376 700 ut
391 654 479 716 aliquio
493 669 537 702 roe
552 655 608 700 dea

191 747 232 774 -,
246 720 276 765 61
289 734 310 765 0

157 784 242 830 mam
254 784 333 845 (quid)
351 785 379 829 de
398 781 458 840 -Ὶ,
479 786 540 843 80,
559 790 608 830 rum

190 850 264 908 maqie
283 850 310 894 id
327 849 421 907 diceres,
438 852 460 896 ri
475 881 514 908 -,
534 852 563 897 17
576 849 605 905 b;

190 914 261 960 arua
272 915 356 971 dicam,
378 915 409 960 30
425 917 447 970 0,
466 917 497 962 43
515 929 543 972 0,
561 914 608 960 aiei

189 979 248 1039 quid
265 983 297 1025 ad
313 981 371 1026 baec
388 982 454 1040 forte
472 981 541 1027 vultis
558 980 606 1041 (dt.

190 1042 262 1104 cora),
277 1047 307 1090 33
322 1060 350 1097 0,
367 1053 394 1092 ut
409 1047 495 1091 diceret
509 1045 555 1092 eibi
570 1045 607 1090 ui·

191 1109 248 1164 deri,
258 1111 288 1155 33
299 1112 326 1160 0,
343 1125 389 1156 uon
398 1112 489 1169 dica..,
509 1111 551 1156 ead
566 1136 605 1167 ·-,

191 1175 218 1218 31
234 1176 401 1234 umeqabat..
417 1191 503 1222 ¹uec..
516 1209 522 1221 .
533 1174 606 1237 (diae-

189 1237 251 1298 bat),
266 1241 296 1286 37
306 1242 341 1294 b.;
354 1241 506 1300 querebatur.
520 1274 526 1287 .
540 1272 545 1285 .
558 1237 606 1300 (di-

189 1303 268 1365 onbat)
280 1339 304 1351 ..
319 1337 333 1359 .,
348 1307 378 1352 39
391 1308 421 1359 b;
440 1306 563 1360 nedicunt,
575 1305 607 1350 43

189 1368 218 1422 0,
238 1370 283 1415 Sed
292 1370 352 1415 nibil
362 1372 390 1415 de
400 1386 435 1416 rue
446 1371 557 1432 (dicum),
576 1370 606 1416 55

189 1433 220 1485 0,
244 1440 270 1478 ut
293 1435 387 1490 dicitur,
410 1437 440 1482 56
461 1437 489 1488 0,
513 1435 607 1494 eapien-

189 1500 254 1552 tium,
269 1499 392 1555 bonadico,
407 1501 533 1558 captantia,
547 1513 608 1558 quae

189 1588 222 1598 -
239 1562 311 1625 (conj.
328 1563 427 1626 nostra),
447 1566 478 1610 68
495 1578 521 1620 0,
542 1563 606 1608 Nam

189 1629 247 1690 quid
256 1644 296 1687 eqo
315 1628 380 1673 de..
398 1630 474 1674 dicam
495 1631 517 1683 3,
532 1631 562 1674 60
574 1629 604 1685 0,

189 1696 256 1742 Haec
265 1693 343 1750 bubui,
352 1693 381 1738 de
389 1693 494 1739 amicitia
500 1707 561 1754 quae
569 1693 605 1738 di·
623 1684 632 1698 '

190 1773 268 1810 cerem,
279 1761 310 1804 60
321 1759 343 1803 b.
382 1777 387 1790 ·

157 1825 235 1880 Dicta,
242 1826 345 1885 facta?
359 1837 379 1869 0.

157 1891 229 1938 Diotu
242 1888 368 1950 (difficile),
379 1889 393 1933 9
405 1901 426 1933 n.

157 1955 214 2002 Diee
225 1953 364 2001 celeberrimi
372 1953 541 2013 laetiorimique,
551 1955 565 1999 9
578 1967 603 2006 0,

189 2020 238 2066 dieo
247 2020 330 2072 uidere,
339 2021 353 2065 9
362 2033 388 2075 0,
406 2033 434 2064 ec
442 2019 520 2063 muttit
527 2017 606 2064 diebus

190 2086 291 2132 ..illum
302 2084 368 2139 dian,
387 2085 438 2138 90,
455 2083 520 2130 illum
539 2084 606 2139 dian,

189 2165 258 2210 quum
269 2180 308 2206 -,
322 2151 336 2196 9
348 2163 368 2194 a

157 2215 258 2276 Difficile
265 2216 335 2272 dictu,
349 2217 400 2269 90,
417 2214 544 2262 amicitiam
550 2229 607 2274 per·

124 2301 127 2307 ·
188 2295 287 2337 manere,
301 2281 362 2326 330.

156 2345 267 2404 Diffluere
277 2345 374 2400 deliciis,
388 2346 418 2391 33
426 2357 447 2390 0.

156 2411 274 2472 Dffundi,
286 2413 315 2456 31
329 2412 351 2457 b.

156 2475 236 2535 Diqua
244 2490 280 2520 ree
289 2474 424 2534 ooquitione,
436 2475 489 2520 3u:
499 2487 546 2519 unu
554 2472 605 2532 diq-

189 2555 237 2597 uoe,
249 2541 281 2586 47
294 2541 316 2585 b.

157 2605 199 2650 Dii
209 2605 293 2664 superi,
307 2606 321 2650 9
333 2605 355 2650 b.

158 2669 266 2729 Diliqena
284 2669 308 2714 iu
325 2669 406 2729 aliqua
420 2683 446 2713 re
463 2672 487 2714 et
504 2666 605 2729 alicujus

189 2734 230 2792 rei,
244 2735 274 2779 39
287 2747 307 2779 a.

158 2797 292 2844 Dtonnnus
305 2798 440 2856 Lonorius,
450 2799 482 2844 38
489 2798 512 2844 b.

157 2864 280 2917 Dirimere,
296 2865 325 2908 19
337 2877 357 2920 0,
371 2865 400 2909 33
413 2864 436 2908 0.

158 2927 299 2982 Discidium,
311 2929 341 2973 33
351 2929 373 2986 0,
385 2931 417 2975 47
428 2941 449 2973 0.

158 2993 288 3040 Discretivu
298 2993 377 3046 oratio,
389 2995 421 3039 44
431 2994 455 3040 b.

160 3059 297 3119 Disputare,
314 3060 341 3103 11
353 3059 375 3103 b.
520 3097 523 3106 .

157 3123 292 3179 Discidium,
308 3123 336 3168 16
349 3123 371 3177 0,
383 3123 413 3168 33
424 3122 446 3181 0,
459 3125 490 3170 47
502 3137 523 3170 0.

158 3188 299 3245 Direoluere,
313 3189 343 3232 33
355 3200 376 3233 0.

158 3253 278 3306 Dieeuere,
288 3254 320 3298 43
332 3264 354 3296 0.

157 3319 286 3374 Burcana,
299 3318 329 3363 45
341 3317 363 3363 b.

158 3384 206 3430 Diu
218 3385 295 3441 eree,3
307 3383 336 3433 0,
353 3380 448 3434 diutim,
461 3381 492 3426 43
500 3394 521 3436 0,
534 3381 594 3428 600.

158 3449 266 3507 Divitior,
277 3451 307 3494 36
316 3449 338 3494 b.

157 3514 284 3562 Doctorum
295 3511 440 3565 cauernae,
456 3513 485 3557 13
494 3511 517 3558 b.

158 3579 266 3625 Dolorem
277 3579 388 3639 accipere,
401 3578 442 3622 60,

158 3642 273 3690 Dubitare
284 3659 303 3691 e.
316 3643 391 3700 infin,
406 3644 418 3688 l
431 3655 452 3688 0.

562 293 700 352 INDEX.

650 459 791 512 Dumtarat‚
805 459 836 506 33
848 459 871 506 b.

650 525 722 578 Duos,
737 537 782 569 non
793 525 845 578 duc,
859 525 890 570 14
901 536 922 570 0.

650 590 706 637 Dur
716 589 807 636 avendi
817 595 913 646 nutura,
927 590 956 636 13
971 589 987 637 b
996 605 1004 644 ε
1018 589 1103 650 impie·

682 657 739 701 tatio
750 655 827 713 duces,
840 656 872 702 38
883 667 905 700 0.

650 783 754 839 Retinere,
765 786 795 831 37
802 799 824 830 0.

649 846 740 912 Effare
747 865 778 902 ee,
793 851 823 896 58
831 849 854 896 b

649 915 743 977 Efferri,
756 914 787 960 34
799 916 820 960 b.

648 979 752 1039 Efficere,
765 980 795 1027 37
804 993 825 1026 0.
891 1026 896 1042 ,

649 1045 803 1104 Effloreecere,
813 1046 843 1091 59
856 1057 878 1090 0.

649 1109 759 1167 Ellipsis:
779 1110 821 1155 eed
830 1114 924 1169 uterque
940 1108 989 1154 alio
1001 1111 1102 1171 quodam

681 1175 754 1227 ηιοάο,
774 1175 831 1231 40,
849 1189 889 1232 per
904 1174 1100 1232 anticipationem,

682 1241 744 1294 110,
763 1240 794 1285 36
811 1254 832 1295 0,
854 1241 884 1285 37
897 1240 918 1294 0,
937 1241 967 1286 50
984 1241 1011 1296 0,
1026 1254 1102 1299 prae-

682 1303 744 1349 clare
755 1303 791 1348 illi
801 1305 892 1365 quidem
902 1301 1024 1367 (fuciunt),
1034 1307 1066 1352 14
1074 1307 1101 1362 0,

681 1369 802 1414 indicativi
817 1384 849 1414 ex
860 1370 927 1428 eubj,
949 1371 980 1415 14
991 1371 1014 1428 b,
1026 1372 1058 1416 30
1071 1372 1099 1427 0,

681 1434 728 1481 uiri
745 1435 803 1494 quid
820 1435 854 1480 ad
873 1434 930 1480 baec
940 1435 1008 1494 forte
1029 1435 1100 1481 ruitis

683 1497 790 1558 (dicore),
805 1501 834 1546 33
849 1513 877 1556 a,
895 1500 1022 1545 uccttsativi
1033 1515 1052 1546 o.
1065 1501 1100 1548 in-

682 1565 730 1616 fin,
745 1566 774 1609 33
788 1566 807 1619 0,
827 1567 890 1621 330,
908 1567 940 1610 34
952 1565 973 1620 0,
989 1567 1050 1622 360,
1069 1567 1099 1613 37

681 1629 704 1683 0,
717 1629 759 1682 bis,
772 1630 802 1675 54
815 1644 842 1685 0,
861 1629 976 1687 infinitivi,
988 1631 1019 1676 33
1031 1631 1054 1685 0,
1066 1632 1097 1676 37

681 1694 712 1748 0,
723 1695 784 1754 fecit
796 1695 863 1746 idem,
870 1695 931 1754 quod
941 1727 962 1740 ..
977 1693 1096 1756 (iecerat),

682 1760 712 1804 38
728 1761 756 1814 0,
775 1773 904 1805 concessum
922 1756 1000 1820 (sibi),
1020 1761 1051 1806 38
1068 1761 1098 1817 0,

682 1824 780 1869 nominis
796 1824 925 1882 genitivum
941 1826 1051 1883 regentis,
1068 1827 1098 1871 36

682 1888 709 1945 0,
727 1889 841 1947 ueqabat.
860 1921 866 1934 .
884 1903 944 1934 ‚neo
961 1923 967 1934 .
982 1922 1006 1935 ..
1026 1888 1098 1952 (dioe-

682 1953 740 2008 bnt),
759 1955 788 1999 37
802 1955 830 2008 0,
850 1968 891 1998 uec
902 1985 908 1998 .
921 1986 927 1999 .
940 1986 956 2008 .,
977 1953 1042 2015 (sed)
1059 1981 1097 2011 -,

682 2020 712 2066 37
723 2019 750 2074 0,
763 2018 930 2077 querebatur..
943 2053 958 2077 .,
971 2019 1096 2081 (dicebat),

682 2085 712 2129 39
730 2083 759 2134 0,
770 2081 918 2142 judicandae
933 2089 988 2130 mut
1003 2099 1097 2131 uec...

684 2146 804 2208 (oportet),
822 2150 853 2193 45
876 2161 903 2201 0,
918 2150 961 2194 rect
975 2149 1024 2196 alio
1043 2165 1097 2210 quo·

682 2213 736 2258 dom
748 2213 821 2265 modo,
831 2215 862 2259 45
874 2215 896 2259 b.

650 2277 735 2325 Eluere
742 2283 765 2322 et
776 2278 871 2333 eleuare,
883 2279 914 2324 46
925 2291 947 2324 0.

650 2341 805 2400 Empedocles,
818 2345 847 2389 16
859 2345 881 2389 0.

651 2409 786 2467 Emuuqere,
799 2409 829 2452 58
841 2422 863 2454 0.

649 2471 761 2531 Ennlluge
772 2473 840 2528 vocis,
854 2474 883 2520 36
896 2487 917 2527 0,
929 2477 959 2522 35
968 2475 993 2521 b.

649 2539 726 2592 Enim,
745 2539 759 2583 3
771 2538 786 2583 0
798 2555 803 2590 ,
818 2539 938 2594 omittitur,
958 2541 1006 2596 60,
1028 2540 1058 2587 15
1070 2554 1095 2597 0,

681 2603 741 2647 euim
757 2607 781 2647 et
797 2608 880 2654 autem.
895 2606 924 2650 14
935 2619 964 2659 0,
985 2605 1096 2664 gnomon,

682 2669 711 2713 19
724 2680 752 2721 0,
772 2667 833 2717 Quid
844 2669 930 2725 enimi,
941 2671 972 2716 30
984 2671 1012 2722 0,
1030 2670 1095 2716 omit-

680 2732 739 2777 titur
759 2733 783 2777 in
799 2735 934 2792 parenthesi,
951 2736 981 2781 35
1002 2735 1033 2789 0,
1049 2735 1096 2780 Nee

681 2798 741 2841 euim
752 2827 791 2850 -,
804 2800 835 2843 36
844 2811 864 2842 0.

649 2861 805 2920 Epunalepsis,
816 2864 845 2908 31
852 2861 906 2926 u(v.
913 2860 950 2925 1.),
957 2861 1093 2928 33b(r.l.).

649 2926 778 2984 Epanodos‚
790 2928 856 2975 410.

649 2991 814 3049 Epiphonetna,
827 2993 858 3038 44
869 3005 892 3040 0.

648 3057 770 3116 Equidem,
782 3059 812 3103 59
824 3071 845 3109 0,
859 3059 888 3104 60
899 3070 920 3103 0.

649 3123 720 3179 Erqo,
728 3123 758 3167 33
772 3123 793 3176 b,
806 3124 837 3169 30
848 3124 870 3175 b,
883 3124 912 3169 53
922 3137 943 3170 0.

650 3187 707 3234 Eae
718 3187 766 3242 diu,
779 3189 794 3233 3
809 3189 836 3238 b;
856 3187 914 3234 Suot
929 3189 984 3244 ieta,
994 3189 1069 3246 Laeli,
1080 3191 1094 3236 4

682 3252 710 3303 b;
727 3252 752 3297 in
768 3254 835 3309 -,8
852 3253 882 3306 0,
899 3254 934 3299 ita
952 3269 1008 3309 eece,
1023 3257 1052 3302 10
1068 3256 1095 3312 0,

682 3317 736 3362 dum
752 3318 804 3371 erit,
824 3319 852 3363 11
870 3331 897 3376 0,
914 3334 962 3365 eree
978 3334 1048 3380 quam
1063 3321 1095 3366 oi·

682 3382 740 3436 deri,
752 3384 783 3429 67
795 3395 815 3428 a

650 3445 686 3492 Et
700 3447 727 3502 ie,
748 3448 803 3502 30,
821 3451 844 3492 et
864 3448 906 3505 bis,
932 3450 961 3495 16
975 3462 996 3507 0,
1018 3451 1047 3496 39
1067 3451 1094 3505 0,

682 3511 738 3556 eniti
749 3516 772 3555 et
782 3511 877 3574 efficere,
885 3515 916 3560 37
925 3528 954 3568 0,
972 3514 1068 3560 trietitio
1075 3521 1096 3560 et

680 3577 706 3622 ia
717 3579 779 3623 omui
795 3592 821 3625 re
836 3580 953 3633 reveritae,
970 3580 1042 3633 430,
1058 3595 1096 3625 ue·
1175 3598 1178 3604 ·

681 3645 1094 3702 que...,et-,47b;et-qet
