2452 4200
388 743 779 901 ralurlrro

514 1060 686 1092 ..ψ-.-

97 1242 220 1306 Laelii
241 1250 317 1307 sunt
331 1240 411 1306 mihi
434 1240 555 1307 codices
576 1239 679 1308 MSS.
694 1247 759 1304 tres
778 1233 875 1302 seculi
891 1232 996 1299 XV.:
1019 1255 1060 1298 ex

99 1352 226 1437 quibus
240 1352 321 1417 duos
337 1352 625 1440 (membranaceum
647 1349 793 1425 alterum,
810 1345 945 1410 alterum
956 1343 1061 1410 chart·

104 1461 240 1548 aceum)
256 1460 452 1526 comitantur
472 1465 551 1528 Cato
559 1462 669 1545 Major
683 1467 716 1525 et
736 1458 932 1524 Paradooeu:
954 1454 1053 1522 tertiu

100 1571 159 1655 (ex
175 1569 281 1635 mixto
295 1592 412 1657 genere
427 1569 571 1635 codicum
593 1567 619 1633 is
639 1566 778 1654 quidem,
795 1565 976 1632 chartaceus
991 1589 1061 1653 par-

99 1678 175 1756 tim,
193 1678 310 1764 partim
324 1701 366 1744 ex
380 1677 584 1765 membranis)
603 1677 736 1762 junctus
758 1674 792 1738 in
813 1675 974 1742 volumine
988 1698 1061 1742 oum

110 1785 298 1872 Offieiorum
318 1784 406 1850 libris
422 1795 480 1863 est,
507 1783 693 1869 interposito
716 1783 875 1869 prooemio
899 1783 940 1848 ad
955 1787 1062 1851 Parc·

3 1952 4 1981 i
105 1896 200 1970 doxa,
215 1893 291 1979 ipsis
315 1891 498 1972 Paradoxis‚
516 1903 553 1958 ut
576 1893 713 1971 videtur,
730 1892 889 1978 abreptis3
913 1893 1059 1980 scriptus,

3 2009 4 2014 ’
106 2003 199 2088 quod
212 2002 246 2066 in
259 2002 330 2089 ipso
344 2011 501 2080 notatum,
525 2011 639 2067 “anno
658 2005 751 2067 1430.
767 2000 920 2067 circiter.”
965 2000 1062 2069 Cete-

106 2136 184 2178 rum
198 2122 274 2178 sunt
287 2111 408 2199 primus
420 2122 453 2176 et
467 2111 581 2177 tertius
603 2112 694 2190 tales,
710 2109 818 2197 quales
833 2110 955 2176 codices
969 2111 1061 2197 pleri·

2 2237 4 2296 ζ
109 2244 177 2305 que
191 2242 257 2286 esse
272 2219 385 2284 solent.
436 2219 600 2286 Secundus
619 2219 712 2306 plane
727 2217 894 2304 singularis
908 2218 988 2283 liber
1002 2229 1061 2284 est.

108 2328 199 2394 Nam
212 2326 455 2393 innumerabiles
470 2349 561 2394 voces
573 2327 668 2406 tollit,
681 2325 834 2413 plurimas
849 2324 949 2404 addit,
962 2327 1064 2392 multa

111 2447 218 2502 mutat
231 2447 328 2522 atque
343 2435 461 2512 variat3
483 2445 599 2502 utnon
614 2433 790 2500 tamfidem
811 2433 934 2521 antiqui
948 2436 1064 2502 codicis

111 2544 339 2631 praeseferre,
355 2565 451 2629 quam
473 2544 618 2630 alicujus,
635 2554 673 2609 ut
694 2543 889 2628 temporibus
910 2542 984 2623 illis,
999 2568 1064 2611 non

3 2691 4 2746 ἦ
111 2653 234 2720 indocti
246 2651 460 2719 recensionem
474 2652 669 2717 arbitrariam
683 2649 839 2731 videatur.

160 2802 363 2870 Editionibus
388 2826 464 2869 usus
484 2826 554 2869 sum
570 2801 761 2880 Gemhardi,
785 2802 900 2883 Beieri,
918 2805 1064 2886 Hutteri,

116 2911 249 2992 Klotzii‚
266 2911 474 2991 De·Gelderi,
491 2910 660 2999 Madvigii.

161 3066 323 3144 Ceterum,
341 3088 441 3152 quum
457 3065 526 3150 jam
545 3069 692 3132 Catonem
714 3065 811 3131 edens
825 3068 982 3153 Majorem
995 3069 1067 3155 plu·

1 3186 2 3219 ¹
115 3173 205 3239 rimis
230 3174 264 3237 in
289 3174 383 3239 rebus
408 3184 479 3239 tum
501 3173 617 3240 criticis
647 3183 718 3238 tum
748 3173 947 3264 philologieis
971 3176 1067 3242 etiam

121 3281 232 3346 Laelio
254 3281 493 3368 prospexissem,
514 3293 682 3370 propterea
704 3283 828 3350 brevior
851 3283 1013 3372 aliquanto
1032 3285 1066 3349 in

122 3389 181 3455 hoc
194 3389 356 3456 adnotatio
369 3389 454 3456 sacta
467 3400 527 3456 est.

180 3662 315 3735 Duhlinr'i,
329 3663 428 3723 Idabuc
441 3664 472 3723 F
470 3663 612 3735 abraami,
628 3677 789 3722 uncccmu.
