2452 4200
213 252 268 314 106
519 252 835 314 POSTSGRIPTUM.

245 422 267 468 6.
288 422 326 468 29.
344 417 388 483 (¹⁶)
406 419 489 466 “Mihi
501 422 596 481 quidem
615 421 714 475 videtur,
729 420 752 465 in
766 419 859 466 vocibus
874 419 953 480 podiae
965 420 1018 466 lurlo
1028 419 1104 466 latere
1117 418 1155 463 9.-

212 489 281 533 bulas
294 483 412 532 titulum.”
445 484 552 547 (Addere
565 489 656 531 videtur
668 488 715 532 Cic.
727 486 815 544 poitae,
827 486 884 530 dum
894 493 942 530 tam
955 487 1040 530 diversi
1057 487 1157 543 generis

212 552 347 612 scriptorem
360 553 465 609 agnoscit
476 563 500 596 et
512 553 649 612 pierumque
662 567 675 597 a
687 551 847 611 philosophico
859 561 998 608 argumento
1009 545 1103 610 alieni.)

246 619 268 663 9.
280 617 318 661 29.
330 611 375 677 (1⁰)
392 617 407 640 ‘¹
419 617 480 674 Lege
491 616 588 662 ornnino
600 643 633 652 -
643 618 745 676 quamvis
755 618 912 662 consenuerint
927 621 996 676 atque
1009 614 1070 660 uires
1087 611 1157 674 alese-

213 684 294 730 cerint.
328 679 381 728 Etsi
393 682 439 727 isto
455 684 506 740 ipsa
521 677 617 740 dissectio
628 707 667 734 -,
684 682 767 726 omissa
786 695 840 726 voce
857 677 962 727 uirium.'¹
996 679 1067 742 (Vult
1085 681 1158 734 Cato,

213 747 305 806 opinor,
317 759 364 792 non
376 747 437 806 ipsos
449 747 504 792 istos
521 760 686 792 consenescere
698 760 772 806 posse,
785 746 826 791 sed
842 759 940 804 corpora
951 759 1041 790 eorum.
1074 743 1158 790 Nimi-

214 826 267 858 rum
279 811 371 856 animus
382 813 503 871 cujusque,
515 813 533 857 is
545 821 579 857 est
591 807 710 872 quisque.)

250 878 285 922 11.
305 877 343 921 st.
362 872 396 939 (⁹)
410 879 425 901 “
436 875 497 935 Lege
505 877 685 936 muneribusque,
697 887 721 921 et
729 877 781 922 dele
792 890 845 921 cum
859 875 926 920 MSS.
934 874 980 920 tuis
988 874 1053 920 non.”
1077 871 1160 936 (Sane

122 961 124 966 ·
215 949 294 1002 potest
304 956 365 1001 quae
377 943 482 1002 sequitur
493 942 615 988 enarratio,
626 938 654 1004 (“
663 941 745 1002 Itaque
757 972 764 986 .
776 973 782 986 .
796 972 802 984 .
814 955 841 987 nc
853 947 961 1001 quesitum
970 955 1088 1000 postumus
1103 942 1160 1000 qui·

216 1009 273 1060 derra
285 1003 426 1068 cogitnur,’')
438 1007 526 1067 aliquid
537 1007 667 1052 istiusmodi
680 1021 773 1066 poscere
784 1006 866 1052 videri.
884 1006 1004 1051 Fortasse:
1022 1007 1161 1051 mutieribus

216 1073 324 1123 munibus,
336 1075 405 1118 eliam
416 1075 446 1118 r‘r'r
458 1087 514 1133 qnae
526 1067 578 1132 -.)

251 1137 288 1182 12.
300 1137 339 1183 to.
374 1133 495 1200 (¹⁶)-(¹⁶)
514 1137 528 1162 “
537 1137 572 1182 ci.
584 1135 665 1195 Eurip.
681 1133 733 1183 Tro.
746 1133 815 1182 890.”

250 1227 282 1238 -
298 1203 336 1248 42.
355 1198 399 1266 (¹⁸)
417 1204 431 1228 “
442 1203 523 1248 Malim
534 1199 673 1248 immonem.''
689 1197 785 1262 (Haesit
794 1199 882 1246 amicus
894 1214 966 1257 meus,
979 1207 1005 1246 ut
1016 1199 1071 1244 alibi
1085 1199 1161 1246 Mad·

217 1267 301 1326 vigius,
312 1269 378 1327 quasi
391 1281 419 1314 ex
432 1268 545 1326 adjectivo
556 1268 618 1325 quod
630 1267 754 1311 estnimins
763 1274 881 1324 sequatur,
892 1274 917 1310 ut
926 1265 1030 1324 ejusdem
1041 1264 1073 1309 rei
1083 1265 1161 1310 etiam

213 1334 292 1393 Justus
302 1333 398 1392 quidam
409 1334 493 1378 modus
505 1339 575 1392 atque
586 1343 708 1376 concessus
725 1345 775 1376 esse
787 1331 865 1390 possit.
902 1329 1071 1389 utaliquando
1090 1328 1161 1390 quasi

218 1399 322 1443 abundet
333 1399 379 1457 adj.
391 1397 463 1450 istud,
475 1399 536 1442 sicut
549 1398 598 1455 ejus
615 1396 751 1442 adverbium
769 1397 911 1454 saepissime.
944 1395 1096 1454 Quamquam
1111 1409 1161 1441 non

218 1475 311 1508 omnem
324 1461 453 1513 libidinem,
467 1462 557 1520 opinor,
571 1475 617 1506 non
629 1461 744 1506 modicam
757 1461 859 1520 aliquam
871 1468 894 1507 et
905 1459 1050 1506 tolerabilem
1069 1470 1161 1508 notan·

218 1527 273 1572 dem
285 1526 412 1585 putavisset
422 1521 501 1586 Cato.)

254 1591 290 1636 ta.
307 1590 346 1635 tt.
363 1587 408 1653 (¹³)
427 1591 503 1647 “cirr,
518 1603 611 1649 quaeso,
623 1591 757 1636 devicerat?
790 1589 839 1636 Cur
857 1603 903 1635 non
915 1585 1036 1636 aenattr'
1069 1587 1162 1650 (Recte

220 1669 258 1702 me
275 1656 386 1701 admonet
404 1656 430 1701 V.
444 1655 473 1700 D.
494 1657 564 1714 Ergo,
578 1655 670 1714 opinor,
687 1656 742 1714 quie
758 1655 983 1702 accommodandum
999 1655 1094 1714 putarit
1108 1671 1162 1702 ver·

219 1723 276 1768 burn
291 1717 323 1766 ad
338 1735 374 1777 ea,
392 1722 476 1782 quibus
491 1728 549 1765 sunt
565 1720 623 1765 haec
639 1719 783 1779 interposita,
799 1721 828 1766 ad
844 1721 919 1778 ipsum
938 1729 1037 1777 tempus,
1053 1735 1102 1780 quo
1118 1750 1160 1764 -.

221 1786 313 1834 Similia
329 1786 558 1846 plusquamperfecto
573 1785 660 1831 habent
677 1785 743 1831 codd.
755 1785 846 1845 aliquot
859 1786 895 1832 ts.
911 1780 1067 1847 os.(1⁰),unt
1085 1785 1162 1831 etiem

220 1851 450 1912 recipiendaputavit
459 1851 561 1910 Madvig.
571 1865 577 1907 ς
595 1849 680 1896 similia
689 1850 906 1904 habetSallustiust
923 1849 1162 1898 damnassent.

221 1917 259 1962 24.
280 1917 299 1961 1.
332 1915 467 1975 Eademque
484 1917 543 1961 ratio
558 1924 593 1960 est
609 1926 659 1960 tum
677 1913 805 1974 imperfecti
823 1915 941 1974 temporis,
954 1921 1005 1960 tum
1020 1915 1086 1961 modi
1104 1919 1162 1962 sub·

217 1981 367 2044 J'unctivitl.
378 1981 416 2028 78.
428 1977 482 2070 (¹⁰),
494 1981 533 2026 ubi
544 1981 604 2026 adde
617 1995 658 2026 nos
669 1980 738 2026 addc
751 1975 822 2041 Off
808 1995 840 2026 tn
854 1981 874 2026 1.
889 1974 923 2040 1.)

253 2075 287 2084 -
303 2047 341 2092 45.
359 2042 426 2110 (¹²)‘
429 2048 541 2106 Propter
553 2046 726 2092 excusationem
734 2045 780 2104 legi
792 2046 861 2092 debet
869 2038 1010 2092 immodice
1025 2040 1163 2108 (Equidem

222 2113 396 2160 excusationem
410 2113 498 2158 nollem
515 2111 627 2169 intelligo
664 2109 809 2169 Epulabatur
825 2111 884 2156 Cato
901 2111 1040 2170 plerumque
1058 2111 1164 2192 modice,

222 2179 315 2226 fervore
326 2178 408 2224 aetatis
421 2189 598 2236 nonnumquam
611 2171 772 2237 erumpente.)

257 2244 294 2288 19.
312 2243 351 2290 67.
370 2240 704 2305 (“nullaeomninocivitates
715 2235 863 2301 fuissent”)‘
866 2237 949 2286 ‘MSS
965 2239 1019 2294 duo,
1034 2239 1163 2287 tessellis·

223 2309 298 2363 nutio,
308 2305 404 2369 forent‚·
422 2317 449 2352 ut
465 2307 515 2353 erui
529 2307 603 2366 possit
613 2305 754 2364 flnunesent
788 2307 856 2352 Certe
873 2306 924 2352 sine
939 2305 1033 2352 senibus
1053 2305 1163 2352 civitates

223 2387 274 2420 esse
285 2381 400 2433 poterant,
411 2373 507 2417 minime
520 2387 573 2416 vero
585 2369 688 2416 llorere.'’
720 2365 790 2431 (Vult
803 2371 868 2425 Cato,
880 2371 969 2430 opinor,
984 2371 1085 2416 salutem
1103 2372 1163 2417 cisi-

224 2439 308 2484 tatium
319 2439 343 2483 in
355 2438 451 2484 consilio
463 2438 562 2496 positam
573 2450 639 2490 esse;
657 2436 702 2481 hoc
713 2449 768 2482 vero
779 2436 803 2480 in
815 2436 909 2482 senibus
920 2430 991 2496 esse.)

257 2528 290 2538 -
302 2503 341 2549 68.
360 2498 394 2565 (⁶)
410 2503 425 2528 ‘⁸
434 2501 494 2548 Mihi
510 2502 660 2548 vehementer
671 2501 766 2560 placuit,
781 2501 844 2560 quod
856 2509 882 2546 tu
893 2501 975 2560 rejicis,
986 2510 1082 2560 propter
1099 2500 1163 2546 anti·

225 2567 309 2614 thesin.
343 2565 446 2631 (Rejicio
458 2582 513 2614 veto
529 2567 596 2612 istam
609 2566 644 2612 Cl.
659 2565 771 2624 Madvigii
788 2566 984 2622 emendationem,
996 2580 1070 2625 quum
1084 2566 1164 2626 philo·

224 2633 304 2691 logicis
316 2634 445 2680 rationibus
457 2642 540 2689 motus,
557 2639 607 2676 tum
618 2645 712 2676 sensum
728 2630 804 2689 ipsum
817 2632 951 2690 respiciens,
969 2631 1008 2688 qui
1020 2631 1077 2677 mihi
1095 2632 1165 2678 omni

225 2696 335 2744 antithesi
347 2699 429 2758 potior.
463 2698 534 2754 Quot,
546 2711 641 2758 quaeso,
652 2710 726 2743 annos
738 2697 838 2742 habebat
850 2696 933 2756 Scipio,
946 2710 1019 2756 quum
1030 2697 1075 2742 isto
1091 2697 1165 2743 modo

224 2758 458 2824 philosophareturl)

256 2829 335 2874 -69.
346 2823 391 2890 (1⁸)
403 2829 418 2854 ‘⁸
426 2829 525 2874 llaereo.
538 2825 711 2874 Sententiarum
720 2834 787 2872 tenor
795 2826 912 2885 postulare
921 2825 1014 2872 ridetur
1021 2826 1082 2888 quod
1089 2841 1164 2886 prae-

226 2895 335 2954 terfluxit,
352 2894 448 2940 interiit.
483 2893 520 2938 lta
536 2892 599 2938 enim
616 2893 705 2938 interiit
721 2899 745 2936 et
761 2897 862 2938 remanet
880 2893 950 2951 probe
967 2892 1029 2938 intes
1044 2905 1070 2938 se
1087 2905 1165 2951 oppo-

225 2956 338 3006 nuntur.”
369 2955 535 3020 (Gernhardus
546 2957 594 3003 sict
612 2958 626 2981 ‘⁴
637 2957 696 3002 Nam
709 2971 768 3016 quae
781 2971 817 3001 res
829 2957 920 3014 effluxit,
934 2967 1053 3017 tamquam
1064 2956 1164 3002 flumine

225 3024 336 3086 temporis
347 3026 451 3082 abrepta,
465 3037 510 3068 non
523 3021 668 3081 estamplius
679 3021 703 3068 in
716 3031 794 3066 nostra
805 3017 955 3083 potestate.”)

257 3119 291 3128 -
308 3087 346 3136 70.
364 3087 379 3113 “
387 3088 411 3133 Si
423 3087 479 3147 quid
492 3087 566 3143 video,
578 3101 635 3134 sena
646 3087 705 3132 ratio
714 3087 830 3147 postulat:
851 3087 896 3133 Ver
906 3089 973 3141 enim,
985 3091 1099 3148 tamquam
1107 3086 1165 3132 ado·

226 3155 342 3208 lactentia,
355 3151 410 3198 -.’'
428 3149 496 3212 (lam
505 3152 572 3198 codd.
584 3152 650 3197 multi
662 3152 706 3197 isto
718 3151 873 3206 modoetiam
885 3166 951 3197 meus
959 3161 1065 3211 uterque.
1083 3152 1164 3202 Quae·

226 3221 257 3267 rit
267 3228 347 3266 autem
358 3220 422 3272 Otto,
434 3219 550 3278 quomodo
562 3217 686 3275 verimago
696 3217 768 3278 possit
778 3231 827 3263 esse
839 3216 965 3271 fructuum,
980 3227 1004 3262 et
1013 3223 1082 3276 negat
1091 3219 1164 3264 rerba

226 3285 356 3348 significare
366 3292 390 3332 et
400 3283 516 3330 ostendere
528 3289 589 3328 recte
601 3291 720 3342 tamquam
731 3296 864 3342 synonyma
875 3282 950 3343 posita
960 3277 1031 3342 esse.)

230 3613 241 3658 1
262 3545 290 3592 ln
299 3554 358 3657 loppa
370 3547 391 3658 bd.
408 3545 437 3656 apd
449 3544 471 3592 3.
489 3542 511 3591 7.
523 3543 590 3604 lege:
608 3540 646 3590 Sic
657 3541 709 3590 ini.
723 3541 785 3590 Nam
799 3547 874 3592 vetere
886 3541 949 3600 Otto,
962 3541 1061 3588 laudans
1073 3539 1163 3588 Charis.

243 3627 284 3673 .p.
344 3626 400 3658 .e.
431 3640 439 3658 .
