2452 4200
319 775 768 859 POSTSORIPTUM.

457 981 631 1016 —-—-e——-

83 1134 137 1198 Da
152 1133 289 1200 lectione
307 1132 457 1211 variante,
473 1135 559 1200 ilibn’
575 1157 632 1220 pro
642 1144 779 1220 pectore,
795 1129 857 1196 loci
872 1129 1020 1208 Enniani,

84 1245 146 1306 quo
167 1221 200 1284 in
220 1219 355 1306 epistola
374 1219 484 1288 Cicero
504 1221 654 1286 Atticum
676 1219 824 1306 appellat,
847 1216 1023 1282 sciscitatus

84 1319 132 1373 est
148 1307 227 1372 meis
245 1305 350 1372 verbis
366 1305 540 1396 Burgesius
561 1331 580 1372 a
594 1307 639 1372 V.
655 1307 712 1385 D,
730 1304 786 1391 qui
804 1304 903 1390 ipsam
919 1304 1024 1390 prodi-

83 1394 141 1460 dit.
169 1395 232 1461 Sed
246 1393 398 1458 memoria
416 1396 532 1481 lapsus,
550 1395 670 1480 opinor,
686 1393 739 1458 hio
758 1391 898 1458 codicem
913 1413 1024 1475 quem-

83 1483 159 1545 dam
178 1480 472 1566 Cantabrigieusem
493 1492 654 1547 auctorem
674 1477 817 1546 lectionis
837 1477 1023 1554 nominavit,

82 1567 116 1631 in
128 1590 193 1653 quo
201 1567 280 1654 ipsa,
292 1567 339 1632 V.
350 1567 391 1631 D.
403 1569 551 1652 quodam,
562 1568 661 1634 amico
671 1565 830 1653 Burgesii,
841 1574 1022 1650 quaerente,

83 1678 151 1719 non
165 1664 362 1739 estrepcrta.
975 1693 978 1702 -

129 1779 237 1848 Missis
252 1791 361 1845 autern
375 1781 416 1844 ad
427 1781 618 1868 Burgesium
631 1779 777 1866 plagulis,
792 1765 956 1864 epistolam
967 1779 1027 1845 ori-

83 1868 181 1932 ticam
196 1867 313 1952 accepi,
331 1890 370 1932 ex
386 1889 449 1954 qua
462 1869 541 1934 libet
556 1869 710 1956 quaedam
725 1866 850 1932 lectoris
865 1889 959 1932 causa
973 1889 1027 1932 ex-

84 1976 212 2039 cerpere
223 1978 278 2018 :-

120 2083 144 2130 2.
155 2086 177 2129 ⁵.
197 2081 243 2146 (2³)
262 2083 278 2107 “
286 2081 322 2126 Cf.
335 2081 363 2127 de
375 2081 403 2127 L.
411 2080 443 2126 iii.
457 2081 477 2126 2
491 2083 522 2137 5,
531 2081 594 2128 unde
604 2075 727 2126 emendavi
735 2079 857 2126 Platonica
867 2081 919 2142 ipsa
930 2081 960 2126 ad
970 2080 1028 2127 Ver·

84 2149 175 2195 sionem
202 2147 292 2193 ‚1183’

123 2213 144 2258 3.
157 2165 240 2276 7.p(¹⁸)
258 2213 273 2237 ‘⁸
285 2211 366 2257 Malim
382 2211 438 2272 ogi:
455 2209 484 2256 ci.
503 2224 567 2265 mox,
585 2211 686 2256 ‘seneen
703 2208 812 2272 agnat.'”
845 2207 911 2273 (Non
928 2210 950 2255 ai
967 2220 1030 2256 caret

87 2293 146 2338 eger
162 2279 234 2338 idque
251 2277 322 2323 etiam
335 2276 446 2320 usitatum
463 2284 499 2321 est
511 2275 618 2321 Ciceroni
630 2274 662 2320 sic
677 2276 834 2334 interponere.
869 2276 929 2321 Item
946 2275 1029 2322 lectius

88 2343 209 2402 aliquanto
226 2350 263 2388 est
274 2346 411 2387 senectutem
426 2341 475 2388 aiae
486 2342 580 2402 quarata
595 2341 717 2402 adJective,
732 2354 803 2400 quam
819 2341 861 2402 ogi
870 2343 920 2387 ane
936 2341 1030 2404 quercla

89 2409 261 2454 adverbiaiiter.

122 2500 154 2512 ..
169 2475 192 2520 9.
209 2468 244 2535 (ὓ)
262 2403 350 2520 ionio
367 2469 452 2515 dixerit
468 2469 507 2526 H,
525 2469 618 2524 nescior
635 2479 659 2515 at
676 2477 737 2516 certe
753 2469 800 2515 scic
816 2471 896 2516 deesse
912 2473 1030 2533 egeritque

89 2545 143 2597 post
159 2534 277 2592 ‘vicaria'
288 2543 314 2580 ut
331 2531 446 2580 ‘muitum'
458 2536 544 2581 habeat
560 2549 607 2595 quo
620 2534 699 2580 referri
711 2533 804 2594 possit.”
835 2532 942 2597 (Haereo
959 2551 1031 2594 nuuc,

88 2602 170 2658 fateor,
182 2604 207 2648 iu
218 2602 315 2648 multam
326 2601 420 2654 rixans,
431 2601 464 2646 sic
475 2603 504 2646 ab
521 2601 595 2646 amico
608 2607 741 2653 revocatus;
759 2599 905 2659 alterumque
923 2602 1029 2648 ordinem

89 2669 184 2714 muitum
207 2669 291 2728 diuque
312 2664 446 2724 respiciens,
468 2667 501 2711 sic
523 2664 712 2710 constituendum
734 2665 810 2710 locum
832 2678 931 2712 censeo:
955 2669 1031 2716 euitat

89 2734 191 2790 multam,
211 2734 252 2778 din
274 2745 342 2792 quam
362 2730 505 2784 cicera...
545 2731 580 2776 De
600 2743 667 2790 quum
685 2737 764 2775 antem
783 2731 912 2790 postposito
929 2733 982 2780 vide
1000 2735 1031 2781 ad

91 2797 178 2844 lusa.
191 2811 211 2843 e.

122 2865 145 2908 ⁵.
165 2863 202 2908 la.
213 2793 265 2924 )(²⁸)
284 2855 415 2906 “Praestat
433 2861 471 2906 ‘re
483 2855 564 2912 dicitr'
581 2859 606 2904 id
625 2858 688 2904 enim
706 2858 755 2918 ipse
773 2867 871 2906 testatur
890 2862 1029 2910 isocrates.”

90 2925 158 2988 (Nou
170 2927 282 2987 sequitur,
295 2926 350 2986 quia
359 2926 408 2984 ipse
421 2926 533 2972 isocrates
544 2925 607 2970 istud
619 2924 712 2979 dixerit,
724 2923 859 2972 Ciceronem
876 2929 945 2974 etiam
959 2930 1029 2976 Cato·

92 3007 146 3038 nem
158 2993 190 3038 sic
201 2992 304 3052 gratuito
319 2991 474 3037 eruditionem
486 3005 552 3036 suam
569 2991 729 3036 venditantem
742 2989 829 3038 iecisse.
864 2991 905 3039 Sin
923 2995 1030 3040 voluerat

91 3057 124 3112 id,
135 3059 198 3116 quod
210 3057 269 3102 nihil
279 3057 350 3116 piane
357 3056 386 3101 ad
397 3070 446 3101 rem
456 3057 577 3112 attinebat,
586 3055 645 3101 adeo
654 3057 749 3102 eoiiicite
758 3055 896 3115 significare,
905 3073 947 3104 nec
954 3058 1029 3117 facile,

92 3122 183 3181 opinor,
199 3135 328 3182 pronomen
340 3123 388 3180 ipae
404 3131 454 3166 erat
465 3122 581 3166 omisurus
598 3131 621 3166 et
632 3121 728 3168 tortasse
744 3122 839 3168 leuiore
855 3124 933 3182 aliquo
951 3127 1028 3181 verbo,

93 3189 162 3246 quale
179 3197 214 3233 est
225 3188 296 3242 docet,
312 3187 441 3244 praedicat,
459 3191 565 3240 testatur,
581 3187 662 3243 tradit,
680 3195 730 3232 emt
745 3201 837 3234 usurus.
854 3189 958 3234 Omnino
974 3189 1030 3236 satis

93 3253 197 3297 futurum
209 3259 261 3298 erat
270 3253 365 3310 scripsit
381 3251 472 3298 dixisse.
507 3248 552 3297 Sed
564 3253 626 3297 aenis
643 3254 744 3298 sermoni
756 3253 834 3312 quiete
844 3260 868 3298 et
880 3253 975 3300 remisse
993 3254 1029 3299 di·

95 3317 167 3362 centis
178 3331 248 3376 quarn
260 3315 574 3362 maxime-accommodatum
587 3319 625 3362 est
636 3319 740 3364 dieitur:
758 3319 788 3364 cs.
798 3318 836 3365 2⁰.
847 3316 896 3373 72„
908 3319 1030 3379 “respou-

96 3382 155 3428 disae
166 3383 254 3430 dieitur
262 3380 285 3433 ,·”
301 3381 341 3427 ubi
352 3382 451 3427 librariis
462 3382 537 3440 magis
549 3383 635 3441 placuit
645 3377 782 3444 respondit.)

128 3471 158 3482 -
172 3448 209 3492 14.
226 3441 271 3532 ΞΜ)
288 3448 303 3472 “
313 3447 385 3493 Recte
397 3455 429 3492 tu.
453 3447 513 3494 Vide
524 3461 577 3494 mea
587 3443 612 3493 in
624 3448 719 3509 Poppo’r
731 3446 901 3508 Praeponam,
915 3461 955 3508 pp·
969 3449 1029 3506 no,

97 3511 157 3570 314,
170 3512 224 3556 339.

130 3577 151 3622 6.
165 3575 201 3624 17.
218 3571 254 3638 (i)
271 3577 285 3601 ‘⁶
294 3574 391 3622 Poteras
402 3575 507 3622 conterre
520 3576 602 3637 Enrip.
617 3577 667 3624 Tro.
681 3577 734 3623 699.
753 3575 836 3622 Latere
849 3575 941 3624 videtur
951 3591 1030 3626 versus

101 3638 227 3699 Ennianus,
238 3641 283 3688 111«
294 3647 373 3688 teneus
384 3642 471 3690 choum
481 3643 545 3689 cedet
556 3657 625 3704 usque
636 3644 661 3689 in
669 3657 745 3704 puppe
756 3639 868 3702 quietur.”

532 3742 552 3786 1.
